@article{systematicmapping,
 abnt-6023-2000-section = {7.4.2.1-4},
 author ={Nuha Alshuqayran and Nour Ali and Roger Evans},
 title = {A Systematic Mapping Study in Microservice Architecture},
 journal = {IEEE},
 address = {Brighton, UK},
 year ={2016}
}
@article{globalstate,
 abnt-6023-2000-section = {7.4.2.1-4},
 author = {Özalp Babaoğlu and Keith Marzullo},
 title ={Consistent Global States of Distributed Systems: Fundamental Concepts and Mechanisms},
 year ={1993},
 address ={Bologna, Itália}
}
@article{odppart1,
 abnt-6023-2000-section = {7.4.2.1-4},
 author = {ISO and ITU},
 title ={ODP Reference Model Part 1 Overview},
 year ={1995},
 address ={Australia}
}
@misc{fowlermicroservices,
 author={Martin Fowler and James Lewis},
 title={Microservices: a definition of this new architectural term},
 url={https://martinfowler.com/articles/microservices.html},
 urlaccessdate={08 nov. 2018},
 year={2014}
}
@misc{k8sdocsnamespace,
 author={Kubernetes Contributors},
 title={Namespaces},
 url={https://kubernetes.io/docs/concepts/overview/working-with-objects/namespaces/},
 urlaccessdate={08 nov. 2018},
 year={2018}
}
@misc{k8sdocspods,
 author={Kubernetes Contributors},
 title={Pod Overview},
 url={https://kubernetes.io/docs/concepts/workloads/pods/pod-overview/},
 urlaccessdate={08 nov. 2018},
 year={2018}
}
@misc{k8sdocsservice,
 author={Kubernetes Contributors},
 title={Services},
 url={https://kubernetes.io/docs/concepts/services-networking/service/},
 urlaccessdate={08 nov. 2018},
 year={2018}
}
@misc{k8sdocsingress,
 author={Kubernetes Contributors},
 title={Ingress},
 url={https://kubernetes.io/docs/concepts/services-networking/ingress/},
 urlaccessdate={08 nov. 2018},
 year={2018}
}
@misc{k8sdocsdeployments,
 author={Kubernetes Contributors},
 title={Deployments},
 url={https://kubernetes.io/docs/concepts/workloads/controllers/deployment/},
 urlaccessdate={08 nov. 2018},
 year={2018}
}
@book{productionreadyms,
 author={Susan J. Fowler},
 publisher={O'Reilly},
 title={Production-Ready Microservices},
 year={2016}
}
@book{herokucloud,
 author={Anubhav Hanjura},
 publisher={Packt},
 title={Heroku Cloud Application Development},
 year={2014}
}
@book{mspatterns,
 author={Chris Richardson},
 title={Microservices Patterns},
 publisher={Manning},
 year={2016}
}
@misc{abriefhistoryofcontainers,
 author={Rani Osnat},
 title={A Brief History of Containers: From the 1970s to 2017},
 url={https://blog.aquasec.com/a-brief-history-of-containers-from-1970s-chroot-to-docker-2016},
 year = {2018},
 urlaccessdate={25 out. 2018}
}
@misc{linuxvserver,
 author={Linux-VServer},
 title={Linux-VServer},
 year = {2013},
 url={http://linux-vserver.org/Overview},
 urlaccessdate={25 out. 2018}
}
@misc{introductiontosolariszone,
 author={Oracle},
 title={Chapter 16 Introduction to Solaris Zones},
 year={2010},
 url={https://docs.oracle.com/cd/E19455-01/817-1592/zones.intro-1/index.html},
 urlaccessdate={25 out. 2018}
}
@misc{openvz,
 author={Wikipedia},
 title={OpenVZ},
 url={https://en.wikipedia.org/wiki/OpenVZ},
 year={2018},
 urlaccessdate={25 out. 2018}
}
@misc{whatsthediffvmvscontainers,
 author = {Roderick Bauer},
 title = {What’s the Diff: VMs vs Containers},
 year = {2018},
 url = {https://www.backblaze.com/blog/vm-vs-containers/},
 urlaccessdate = {27 out. 2018}
}
@misc{kubernetes,
  author = {Google},
  title = {Kubernetes},
  year = {2018},
  url = {https://kubernetes.io/},
  urldate = {2018-04-01}
}
@misc{dockercontainer,
  author = {Docker},
  title = {What is a Container},
  year = {2018},
  url = {https://www.docker.com/what-container},
  urldate = {2018-04-08}
}
@book{softarchinpractice,
 author={Foo},
 title={Micrs},
 publisher={Manning},
 year={2016}
}
@misc{clojurerationale,
  author = {Clojure},
  title = {Clojure Rationale},
  year = {2018},
  url = {https://clojure.org/about/rationale},
  urlaccessdate = {08 nov. 2018}
}
@misc{googledapper,
  author = {Google},
  title = {Dapper, a Large-Scale Distributed Systems Tracing Infrastructure},
  year = {2010},
  url = {https://ai.google/research/pubs/pub36356},
  urlaccessdate = {08 nov. 2018}
}
@misc{jaegerarch,
  author = {Uber},
  title = {Evolving Distributed Tracing at Uber Engineering},
  year = {2017},
  url = {https://eng.uber.com/distributed-tracing/},
  urlaccessdate = {08 nov. 2018}
}
@misc{zipkin,
  author = {Twitter},
  title = {Zipkin},
  year = {2018},
  url = {https://zipkin.io/},
  urlaccessdate = {08 nov. 2018}
}
@misc{opentracing,
  author = {OpenTracing},
  title = {OpenTracing},
  year = {2018},
  url = {https://opentracing.io/},
  urlaccessdate = {08 nov. 2018}
}
@misc{softquality,
  author = {ISO25000},
  title = {Systems and Software Quality Requirements and Evaluation},
  url = {https://iso25000.com/index.php/en/iso-25000-standards/iso-25010/},
  year = {2018},
  urlaccessdate = {14 nov. 2018}
}
@misc{scrum,
  author = {Scrum Alliance},
  title = {The Scrum Guide},
  url = {https://www.scrumalliance.org/learn-about-scrum/the-scrum-guide},
  year = {2018},
  urlaccessdate = {14 nov. 2018}
}
@misc{herokuplatform,
  author = {Heroku},
  title = {Heroku Platform},
  url = {https://www.heroku.com/platform/},
  year = {2018},
  urlaccessdate = {19 nov. 2018}
}
@misc{github,
  author = {GitHub},
  title = {GitHub},
  url = {https://github.com/},
  year = {2018},
  urlaccessdate = {14 nov. 2018}
}
@misc{slack,
  author = {Slack},
  title = {slack},
  url = {https://slack.com/},
  year = {2018},
  urlaccessdate = {14 nov. 2018}
}
@misc{clubhouse,
  author = {Clubhouse},
  title = {Project Management for Software Development teams},
  url = {https://clubhouse.io/},
  year = {2018},
  urlaccessdate = {14 nov. 2018}
}
@misc{scrumorigin,
  author = {Takeuchi, Nonaka},
  title = {The New New Product Development Game},
  url = {https://hbr.org/1986/01/the-new-new-product-development-game},
  year = {1986},
  urlaccessdate = {22 nov. 2018}
}
@misc{httpcodes,
  author = {Internet Society},
  title = {HTTP status codes},
  url = {https://tools.ietf.org/html/rfc2616},
  year = {1999},
  urlaccessdate = {22 nov. 2018}
}

@book{usecases,
 author={Kurt Bittner, Ian Spence},
 title={Use Case Modeling},
 publisher={O'Reilly},
 year={2002}
}
 @book{essentialscrum,
 author={Kenneth S. Rubin},
 title={A pratical guide to the most popular Agile Process},
 publisher={Addison-Wesley Professional},
 year={2012}
}
@misc{microsservicos,
  author = {Martin Fowler & James Lewis},
  title = {Microsserviços em poucas palavras},
  url = {https://www.thoughtworks.com/pt/insights/blog/microservices-nutshell},
  year = {2015},
  urlaccessdate = {22 nov. 2018}
}
@misc{dockeroverview,
  author = {Docker Inc.},
  title = {Docker overview},
  url = {https://docs.docker.com/engine/docker-overview/},
  year = {2018},
  urlaccessdate = {01 dez. 2018}
}
@misc{zeromqguide,
  author = {Pieter Hintjens},
  title = {ØMQ - The Guide},
  url = {http://zguide.zeromq.org/page:all},
  year = {2018},
  urlaccessdate = {01 dez. 2018}
}
@misc{microservices-intro,
  author = {Chris Richardson},
  title = {Microservices: Decomposição de Aplicações para Implantação e Escalabilidade},
  url = {https://www.infoq.com/br/articles/microservices-intro},
  year = {2014},
  urlaccessdate = {01 dez. 2018}
}
@misc{ambientedev,
  author = {UFPR},
  title = {Conceitos:  Ambiente de Desenvolvimento},
  url = {http://www.funpar.ufpr.br:8080/rup/process/workflow/environm/co_deven.htm},
  year = {2001},
  urlaccessdate = {01 dez. 2018}
}